@book{analyza_metod_maticove_vyp,
  title={Analýza metod pro maticové výpočty. Základní metody},
  author={Jurjen {Duintjer Tebbens} and Iveta Hn{\v e}tynkov{\'a} and  Martin Ple{\v s}inger and Zden{\v e}k Strako{\v s} and Petr Tich{\'y}},
  publisher={Matfyzpress},
  pages={328},
  isbn={978-80-7378-201-6},
  year={2012}
}

@book{liesen2012krylov,
  title={Krylov subspace methods: principles and analysis},
  author={Liesen, J{\"o}rg and Strako{\v s}, Zden{\v e}k},
  year={2012},
  publisher={Oxford University Press}
}

@article{rektorys1974variacni,
  title={Variační metody v inženýrských problémech a v problémech matematické fyziky},
  author={Rektorys, Karel},
  journal={SNTL, Praha},
  year={1974}
}
